@book{mcduff,
  title={Introduction to symplectic topology},
  author={McDuff, Dusa and Salamon, Dietmar},
  year={2017},
  publisher={Oxford University Press}
}

@unpublished{cieliebak,
  title={Piecewise linear symplectic geometry},
  author={Cieliebak, Kai and Hofer, Helmut},
  year={2014},
  note={unpublished note}
}

@book{jaenich,
  title={Vektoranalysis},
  author={Jänich, Klaus},
  year={1992},
  publisher={Springer Berlin etc.}
}

@book{bosch,
  title={Lineare Algebra},
  author={Bosch, Sigfried},
  year={2014},
  publisher={Springer Spektrum}
}

@phdthesis{distexhe,
  author={Julie Distexhe}, 
  title={Triangulating symplectic manifolds},
  school={Université libre de Bruxelles},
  year=2019,
}

@book{fischer,
  title={Lineare Algebra},
  author={Fischer, Gerd},
  series={Vieweg-Studium: Grundkurs Mathematik},
  year={2005},
  publisher={Vieweg}
}

@phdthesis{gratza,
  title={Piecewise linear approximations in symplectic geometry},
  author={Bernhard Gratza},
  school={ETH Zürich},
  year=1998
}

@unpublished{henri,
  title={Volume-preserving PL-Maps between polyhedra},
  author={Henriques, Andre and Pak, Igor},
  url={https://www.math.ucla.edu/~pak/papers/henri4.pdf},
  year={2004},
  note={unpublished note}
}

@book{dasilva,
  title={Lectures on Symplectic Geometry},
  author={da Silva, Ana Cannas},
  year={2008},
  publisher={Springer}
}

